[gd_scene load_steps=10 format=2]

[ext_resource path="res://scripts/Player.gd" type="Script" id=1]
[ext_resource path="res://scenes/default_env.tres" type="Environment" id=2]
[ext_resource path="res://sfx/chew.ogg" type="AudioStream" id=3]
[ext_resource path="res://sfx/thud.ogg" type="AudioStream" id=4]
[ext_resource path="res://sfx/jump.ogg" type="AudioStream" id=5]
[ext_resource path="res://sfx/step.ogg" type="AudioStream" id=6]
[ext_resource path="res://sfx/orb.ogg" type="AudioStream" id=7]

[sub_resource type="SphereShape" id=1]

radius = 0.25

[sub_resource type="RayShape" id=2]

length = 0.5

[node name="Player" type="KinematicBody" groups=[
"players",
]]
collision_mask = 127
script = ExtResource( 1 )

[node name="Camera" type="Camera" parent="."]
transform = Transform( 1, 0, 0, 0, 1, 0, 0, 0, 1, 0, 0.25, 0 )
environment = ExtResource( 2 )
far = 1024.0

[node name="Pickup" type="RayCast" parent="Camera"]
transform = Transform( 1, 0, 0, 0, 1, 0, 0, 0, 1, 0, -0.25, 0 )
cast_to = Vector3( 0, 0, -12 )
collision_mask = 4

[node name="CollisionShape" type="CollisionShape" parent="."]
transform = Transform( 1, 0, 0, 0, 1, 0, 0, 0, 1, 0, 0.25, 0 )
shape = SubResource( 1 )

[node name="CollisionShape2" type="CollisionShape" parent="."]
transform = Transform( 1, 0, 0, 0, -1.62921e-07, -1, 0, 1, -1.62921e-07, 0, 0, 0 )
shape = SubResource( 2 )

[node name="Probes" type="Spatial" parent="."]
transform = Transform( 1, 0, 0, 0, 1, 0, 0, 0, 1, 0, 0.25, 0 )
visible = false

[node name="ReflectionProbe" type="ReflectionProbe" parent="Probes"]
transform = Transform( 1, 0, 0, 0, -1.62921e-07, 1, 0, -1, -1.62921e-07, 0, 0, 0 )
update_mode = 1
extents = Vector3( 1024, 1024, 1024 )
box_projection = true

[node name="GIProbe" type="GIProbe" parent="Probes"]

[node name="Listener" type="Listener" parent="."]
current = true

[node name="SoundEat" type="AudioStreamPlayer3D" parent="."]
stream = ExtResource( 3 )
bus = "World"

[node name="SoundDeath" type="AudioStreamPlayer3D" parent="."]
stream = ExtResource( 4 )
unit_db = -4.0
bus = "World"

[node name="SoundJump" type="AudioStreamPlayer3D" parent="."]
stream = ExtResource( 5 )
bus = "World"

[node name="SoundStep" type="AudioStreamPlayer3D" parent="."]
stream = ExtResource( 6 )
unit_db = -4.0
bus = "World"

[node name="SoundOrb" type="AudioStreamPlayer3D" parent="."]
stream = ExtResource( 7 )
bus = "World"

